% Encoding: UTF-8

@book{StatAndCats,
  title={Статистика и котики},
  author={Савельев Владимир},
  year={2018},
  publisher={АСТ},
  language = {russian},
  pagetotal = {271},
}

@Comment{jabref-meta: databaseType:bibtex;}